<?xml version="1.0" encoding="UTF-8"?><collection xmlns="http://www.loc.gov/MARC21/slim"><record><leader>00331nam--2200121-i-4500</leader><controlfield tag="001">000021034</controlfield><controlfield tag="002">20161230</controlfield><controlfield tag="005">20161230201034</controlfield><controlfield tag="008">060222s1000------------r-----000-0-eng-d</controlfield><datafield ind1=" " ind2=" " tag="080"><subfield code="a">061.62(47):001.891(092)</subfield></datafield><datafield ind1=" " ind2=" " tag="245"><subfield code="a">Bibiliographyc index of publications of jinr. part xxxvi-1996</subfield></datafield><datafield ind1=" " ind2=" " tag="260"><subfield code="a">Dubna, Jinr, 1997. 167 P</subfield></datafield><datafield ind1=" " ind2=" " tag="852"><subfield code="a">D 1044</subfield></datafield></record></collection>